@article{Jour:NoC,
title="Survey of NoC and Programming Models Proposals for MPSoC[J]",
author="Eduard Fernandez-Alonso, David Castells-Rufas, Jaume Joven and Jordi Carrabina",
journal="International Journal Of Computer Science Issues",
year="2012"
}